@article{dunfield2021:bidirectional,
  author    = {Jana Dunfield and
               Neel Krishnaswami},
  title     = {Bidirectional Typing},
  journal   = {{ACM} Comput. Surv.},
  volume    = {54},
  number    = {5},
  pages     = {98:1--98:38},
  year      = {2021},
  url       = {https://doi.org/10.1145/3450952},
  doi       = {10.1145/3450952},
  timestamp = {Thu, 22 Jul 2021 17:57:07 +0200},
  biburl    = {https://dblp.org/rec/journals/csur/DunfieldK21.bib},
  bibsource = {dblp computer science bibliography, https://dblp.org}
}